<record><leader>00000cas a2200000 a 4500</leader><controlfield tag="001">15468111</controlfield><controlfield tag="008">870331d188418uumsuwr nd      0   a0eng c</controlfield><datafield ind1=" " ind2=" " tag="010"><subfield code="a">sn 87090237 </subfield></datafield><datafield ind1=" " ind2=" " tag="040"><subfield code="a">PPM</subfield><subfield code="b">eng</subfield><subfield code="c">PPM</subfield><subfield code="d">MSJ</subfield><subfield code="d">NVF</subfield><subfield code="d">CUI</subfield><subfield code="d">OCLCQ</subfield><subfield code="d">OCLCF</subfield><subfield code="d">DLC</subfield></datafield><datafield ind1="0" ind2=" " tag="022"><subfield code="a">2470-2188</subfield><subfield code="2">1</subfield></datafield><datafield ind1=" " ind2=" " tag="042"><subfield code="a">pcc</subfield><subfield code="a">nsdp</subfield></datafield><datafield ind1=" " ind2=" " tag="043"><subfield code="a">n-us-ms</subfield></datafield><datafield ind1="0" ind2="0" tag="050"><subfield code="a">Newspaper</subfield></datafield><datafield ind1=" " ind2="4" tag="050"><subfield code="a">AN</subfield></datafield><datafield ind1="1" ind2="0" tag="082"><subfield code="a">071</subfield><subfield code="2">23</subfield></datafield><datafield ind1=" " ind2="0" tag="222"><subfield code="a">Weekly commercial herald</subfield><subfield code="b">(Print)</subfield></datafield><datafield ind1="0" ind2="0" tag="245"><subfield code="a">Weekly commercial herald.</subfield></datafield><datafield ind1=" " ind2=" " tag="260"><subfield code="a">Vicksburg, Miss. :</subfield><subfield code="b">[Vicksburg Print. &amp; Pub. Co.],</subfield><subfield code="c">1884-</subfield></datafield><datafield ind1=" " ind2=" " tag="310"><subfield code="a">Weekly</subfield></datafield><datafield ind1="0" ind2=" " tag="362"><subfield code="a">Vol. 19, no. 22 (Mar. 21, 1884)-</subfield></datafield><datafield ind1=" " ind2=" " tag="530"><subfield code="a">Archived issues are available in digital format from the Library of Congress Chronicling America online collection.</subfield></datafield><datafield ind1=" " ind2=" " tag="580"><subfield code="a">Daily eds.: Commercial herald (Vicksburg, Miss.), and: Daily commercial herald.</subfield></datafield><datafield ind1=" " ind2="0" tag="651"><subfield code="a">Vicksburg (Miss.)</subfield><subfield code="v">Newspapers.</subfield></datafield><datafield ind1=" " ind2="0" tag="651"><subfield code="a">Warren County (Miss.)</subfield><subfield code="v">Newspapers.</subfield></datafield><datafield ind1=" " ind2="7" tag="651"><subfield code="a">Mississippi</subfield><subfield code="z">Vicksburg.</subfield><subfield code="2">fast</subfield><subfield code="0">(OCoLC)fst01204951</subfield></datafield><datafield ind1=" " ind2="7" tag="651"><subfield code="a">Mississippi</subfield><subfield code="z">Warren County.</subfield><subfield code="2">fast</subfield><subfield code="0">(OCoLC)fst01218302</subfield></datafield><datafield ind1=" " ind2="7" tag="655"><subfield code="a">Newspapers.</subfield><subfield code="2">fast</subfield><subfield code="0">(OCoLC)fst01423814</subfield></datafield><datafield ind1=" " ind2=" " tag="752"><subfield code="a">United States</subfield><subfield code="b">Mississippi</subfield><subfield code="c">Warren</subfield><subfield code="d">Vicksburg.</subfield></datafield><datafield ind1="1" ind2=" " tag="775"><subfield code="t">Commercial herald (Vicksburg, Miss.)</subfield><subfield code="w">(DLC)sn 87065640</subfield><subfield code="w">(OCoLC)16521345</subfield></datafield><datafield ind1="1" ind2=" " tag="775"><subfield code="t">Daily commercial herald</subfield><subfield code="w">(DLC)sn 87090164</subfield><subfield code="w">(OCoLC)15151979</subfield></datafield><datafield ind1="0" ind2="8" tag="776"><subfield code="i">Online version:</subfield><subfield code="t">Weekly commercial herald</subfield><subfield code="x">2470-2196</subfield><subfield code="w">(DLC)  2015270757</subfield><subfield code="w">(OCoLC)688644472</subfield></datafield><datafield ind1="0" ind2="0" tag="780"><subfield code="t">Vicksburg herald (Vicksburg, Miss. : 1884)</subfield><subfield code="w">(DLC)sn 87090508</subfield><subfield code="w">(OCoLC)15916185</subfield></datafield><datafield ind1="4" ind2="1" tag="856"><subfield code="u">http://www.loc.gov/chroniclingamerica/lccn/sn87090237/issues</subfield></datafield></record>